@book{Holmqvist,
author = {Holmqvist, Kenneth and Andersson, Richard},
year = {2017},
month = {11},
pages = {179},
title = {Eye-tracking: A Comprehensive Guide to Methods, Paradigms and Measures},
isbn = {ISBN-13: 978-1979484893}
}
@online{Burns,
    title = {How to Convert a Webcam to a Near-Infrared Camera},
    date = {2018},
    organization = {Youtube},
    author = {Dan Burns},
    url = {https://www.youtube.com/watch?v=ihuHuC12328},
}