! Author = cyberstar
%! Date = 19.10.20

